@article{balle2019,
    author = "Borja Balle and Prakash Panangaden, and Doina Precup",
    title = "Singular Value Automata and Approximate Minimization",
    journal = "Mathematical Structures in Computer Science",
    volume = "86",
    number = "1",
    pages = "1--35",
    year = "2019",
    DOI = "https://arxiv.org/abs/1711.05994"
}

@article{denis2008,
    author = "Fran√ßois Denis and Yann Esposito",
    title = "On Rational Stochastic Languages",
    journal = "Fundamenta Informaticae",
    volume = "86",
    number = "1",
    pages = "41--47",
    year = "2008",
    DOI = "https://arxiv.org/abs/cs/0602093"
}

@article{TODO,
    author = "Unknown Author",
    title = "Citation Needed",
    journal = "Somewhere",
    year = "314 B.C.",
}

